%% This Bibtex Bibliography File Was Created Using Bibdesk.
%% Http://Bibdesk.Sourceforge.Net/



%% Saved With String Encoding Unicode (Utf-8) 

@Manual{sympy,
title = {SymPy: Python library for symbolic mathematics},
author = {{SymPy Development Team}},
year = {2014},
url = {http://www.sympy.org},
}

@article{rowcliffe2008estimating,
  title={Estimating animal density using camera traps without the need for individual recognition},
  author={Rowcliffe, J.M. and Field, J. and Turvey, S.T. and Carbone, C.},
  journal={Journal of Applied Ecology},
  volume={45},
  number={4},
  pages={1228--1236},
  year={2008},
  publisher={Wiley Online Library}
}

@Manual{R,
    Title = {R: A Language And Environment For Statistical Computing},
    Author = {{R Development Core Team}},
    Organization = {R Foundation For Statistical Computing},
    Address = {Vienna, Austria},
    Year = {2010},
    Note = {ISBN 3-900051-07-0},
    Url = {Http://Www.R-Project.Org},
  }

@article{pollock2002large,
  title={Large scale wildlife monitoring studies: statistical methods for design and analysis},
  author={Pollock, Kenneth H and Nichols, James D and Simons, Theodore R and Farnsworth, George L and Bailey, Larissa L and Sauer, John R},
  journal={Environmetrics},
  volume={13},
  number={2},
  pages={105--119},
  year={2002},
  publisher={Wiley Online Library}
}

@article{gese2001monitoring,
  title={Monitoring of terrestrial carnivore populations},
  author={Gese, Eric M},
  journal={USDA National Wildlife Research Center-Staff Publications},
  pages={576},
  year={2001}
}

@article{rogers2013density,
  title={Density can be misleading for low-density species: benefits of passive acoustic monitoring},
  author={Rogers, Tracey L and Ciaglia, Michaela B and Klinck, Holger and Southwell, Colin},
  journal={PloS one},
  volume={8},
  number={1},
  pages={e52542},
  year={2013},
  publisher={Public Library of Science}
}

@article{ofarrel1999comparison,
  title={A comparison of acoustic versus capture techniques for the inventory of bats},
  author={O'Farrell, Michael J and Gannon, William L},
  journal={Journal of Mammalogy},
  pages={24--30},
  year={1999},
  publisher={JSTOR}
}

@article{mcdonald1999passive,
  title={Passive acoustic methods applied to fin whale population density estimation},
  author={McDonald, Mark A and Fox, Christopher G},
  journal={The Journal of the Acoustical Society of America},
  volume={105},
  number={5},
  pages={2643--2651},
  year={1999},
  publisher={Acoustical Society of America}
}


@article{damuth1981population,
  title={Population density and body size in mammals},
  author={Damuth, John},
  journal={Nature},
  volume={290},
  number={5808},
  pages={699--700},
  year={1981},
  publisher={Nature Publishing Group}
}


@article{carbone2005far,
  title={How far do animals go? Determinants of day range in mammals},
  author={Carbone, Chris and Cowlishaw, Guy and Isaac, Nick JB and Rowcliffe, J Marcus},
  journal={The American Naturalist},
  volume={165},
  number={2},
  pages={290--297},
  year={2005},
  publisher={JSTOR}
}

% theta = 0
@article{stephens2006estimating,
  title={Estimating population density from indirect sign: track counts and the Formozov--Malyshev--Pereleshin formula},
  author={Stephens, PA and Zaumyslova, O Yu and Miquelle, DG and Myslenkov, AI and Hayward, GD},
  journal={Animal Conservation},
  volume={9},
  number={3},
  pages={339--348},
  year={2006},
  publisher={Wiley Online Library}
}












